%YAML 1.1
%TAG !u! tag:unity3d.com,2011:
--- !u!29 &1
OcclusionCullingSettings:
  m_ObjectHideFlags: 0
  serializedVersion: 2
  m_OcclusionBakeSettings:
    smallestOccluder: 5
    smallestHole: 0.25
    backfaceThreshold: 100
  m_SceneGUID: 00000000000000000000000000000000
  m_OcclusionCullingData: {fileID: 0}
--- !u!104 &2
RenderSettings:
  m_ObjectHideFlags: 0
  serializedVersion: 9
  m_Fog: 0
  m_FogColor: {r: 0.5, g: 0.5, b: 0.5, a: 1}
  m_FogMode: 3
  m_FogDensity: 0.01
  m_LinearFogStart: 0
  m_LinearFogEnd: 300
  m_AmbientSkyColor: {r: 0.212, g: 0.227, b: 0.259, a: 1}
  m_AmbientEquatorColor: {r: 0.114, g: 0.125, b: 0.133, a: 1}
  m_AmbientGroundColor: {r: 0.047, g: 0.043, b: 0.035, a: 1}
  m_AmbientIntensity: 1
  m_AmbientMode: 0
  m_SubtractiveShadowColor: {r: 0.42, g: 0.478, b: 0.627, a: 1}
  m_SkyboxMaterial: {fileID: 10304, guid: 0000000000000000f000000000000000, type: 0}
  m_HaloStrength: 0.5
  m_FlareStrength: 1
  m_FlareFadeSpeed: 3
  m_HaloTexture: {fileID: 0}
  m_SpotCookie: {fileID: 10001, guid: 0000000000000000e000000000000000, type: 0}
  m_DefaultReflectionMode: 0
  m_DefaultReflectionResolution: 128
  m_ReflectionBounces: 1
  m_ReflectionIntensity: 1
  m_CustomReflection: {fileID: 0}
  m_Sun: {fileID: 0}
  m_IndirectSpecularColor: {r: 0, g: 0, b: 0, a: 1}
  m_UseRadianceAmbientProbe: 0
--- !u!157 &3
LightmapSettings:
  m_ObjectHideFlags: 0
  serializedVersion: 11
  m_GIWorkflowMode: 1
  m_GISettings:
    serializedVersion: 2
    m_BounceScale: 1
    m_IndirectOutputScale: 1
    m_AlbedoBoost: 1
    m_EnvironmentLightingMode: 0
    m_EnableBakedLightmaps: 1
    m_EnableRealtimeLightmaps: 0
  m_LightmapEditorSettings:
    serializedVersion: 12
    m_Resolution: 2
    m_BakeResolution: 40
    m_AtlasSize: 1024
    m_AO: 0
    m_AOMaxDistance: 1
    m_CompAOExponent: 1
    m_CompAOExponentDirect: 0
    m_ExtractAmbientOcclusion: 0
    m_Padding: 2
    m_LightmapParameters: {fileID: 0}
    m_LightmapsBakeMode: 1
    m_TextureCompression: 1
    m_FinalGather: 0
    m_FinalGatherFiltering: 1
    m_FinalGatherRayCount: 256
    m_ReflectionCompression: 2
    m_MixedBakeMode: 2
    m_BakeBackend: 1
    m_PVRSampling: 1
    m_PVRDirectSampleCount: 32
    m_PVRSampleCount: 500
    m_PVRBounces: 2
    m_PVREnvironmentSampleCount: 500
    m_PVREnvironmentReferencePointCount: 2048
    m_PVRFilteringMode: 2
    m_PVRDenoiserTypeDirect: 0
    m_PVRDenoiserTypeIndirect: 0
    m_PVRDenoiserTypeAO: 0
    m_PVRFilterTypeDirect: 0
    m_PVRFilterTypeIndirect: 0
    m_PVRFilterTypeAO: 0
    m_PVREnvironmentMIS: 0
    m_PVRCulling: 1
    m_PVRFilteringGaussRadiusDirect: 1
    m_PVRFilteringGaussRadiusIndirect: 5
    m_PVRFilteringGaussRadiusAO: 2
    m_PVRFilteringAtrousPositionSigmaDirect: 0.5
    m_PVRFilteringAtrousPositionSigmaIndirect: 2
    m_PVRFilteringAtrousPositionSigmaAO: 1
    m_ExportTrainingData: 0
    m_TrainingDataDestination: TrainingData
    m_LightProbeSampleCountMultiplier: 4
  m_LightingDataAsset: {fileID: 0}
  m_UseShadowmask: 1
--- !u!196 &4
NavMeshSettings:
  serializedVersion: 2
  m_ObjectHideFlags: 0
  m_BuildSettings:
    serializedVersion: 2
    agentTypeID: 0
    agentRadius: 0.5
    agentHeight: 2
    agentSlope: 45
    agentClimb: 0.4
    ledgeDropHeight: 0
    maxJumpAcrossDistance: 0
    minRegionArea: 2
    manualCellSize: 0
    cellSize: 0.16666667
    manualTileSize: 0
    tileSize: 256
    accuratePlacement: 0
    debug:
      m_Flags: 0
  m_NavMeshData: {fileID: 0}
--- !u!1001 &41250242
PrefabInstance:
  m_ObjectHideFlags: 0
  serializedVersion: 2
  m_Modification:
    m_TransformParent: {fileID: 0}
    m_Modifications:
    - target: {fileID: 4003050370367933808, guid: 65e92f227846e794883569c427a9c4c3,
        type: 3}
      propertyPath: m_LocalPosition.x
      value: 9.71
      objectReference: {fileID: 0}
    - target: {fileID: 4003050370367933808, guid: 65e92f227846e794883569c427a9c4c3,
        type: 3}
      propertyPath: m_LocalPosition.y
      value: 1.08
      objectReference: {fileID: 0}
    - target: {fileID: 4003050370367933808, guid: 65e92f227846e794883569c427a9c4c3,
        type: 3}
      propertyPath: m_LocalPosition.z
      value: -17.89
      objectReference: {fileID: 0}
    - target: {fileID: 4003050370367933808, guid: 65e92f227846e794883569c427a9c4c3,
        type: 3}
      propertyPath: m_LocalRotation.x
      value: 0
      objectReference: {fileID: 0}
    - target: {fileID: 4003050370367933808, guid: 65e92f227846e794883569c427a9c4c3,
        type: 3}
      propertyPath: m_LocalRotation.y
      value: 0.7071068
      objectReference: {fileID: 0}
    - target: {fileID: 4003050370367933808, guid: 65e92f227846e794883569c427a9c4c3,
        type: 3}
      propertyPath: m_LocalRotation.z
      value: 0
      objectReference: {fileID: 0}
    - target: {fileID: 4003050370367933808, guid: 65e92f227846e794883569c427a9c4c3,
        type: 3}
      propertyPath: m_LocalRotation.w
      value: 0.7071068
      objectReference: {fileID: 0}
    - target: {fileID: 4003050370367933808, guid: 65e92f227846e794883569c427a9c4c3,
        type: 3}
      propertyPath: m_RootOrder
      value: 2
      objectReference: {fileID: 0}
    - target: {fileID: 4003050370367933808, guid: 65e92f227846e794883569c427a9c4c3,
        type: 3}
      propertyPath: m_LocalEulerAnglesHint.x
      value: 0
      objectReference: {fileID: 0}
    - target: {fileID: 4003050370367933808, guid: 65e92f227846e794883569c427a9c4c3,
        type: 3}
      propertyPath: m_LocalEulerAnglesHint.y
      value: 90
      objectReference: {fileID: 0}
    - target: {fileID: 4003050370367933808, guid: 65e92f227846e794883569c427a9c4c3,
        type: 3}
      propertyPath: m_LocalEulerAnglesHint.z
      value: 0
      objectReference: {fileID: 0}
    - target: {fileID: 4003050370367933812, guid: 65e92f227846e794883569c427a9c4c3,
        type: 3}
      propertyPath: m_Name
      value: Tank
      objectReference: {fileID: 0}
    m_RemovedComponents: []
  m_SourcePrefab: {fileID: 100100000, guid: 65e92f227846e794883569c427a9c4c3, type: 3}
--- !u!1 &111314810
GameObject:
  m_ObjectHideFlags: 0
  m_CorrespondingSourceObject: {fileID: 0}
  m_PrefabInstance: {fileID: 0}
  m_PrefabAsset: {fileID: 0}
  serializedVersion: 6
  m_Component:
  - component: {fileID: 111314811}
  m_Layer: 0
  m_Name: waypoint (1)
  m_TagString: Waypoints
  m_Icon: {fileID: 4422084297763085224, guid: 0000000000000000d000000000000000, type: 0}
  m_NavMeshLayer: 0
  m_StaticEditorFlags: 0
  m_IsActive: 1
--- !u!4 &111314811
Transform:
  m_ObjectHideFlags: 0
  m_CorrespondingSourceObject: {fileID: 0}
  m_PrefabInstance: {fileID: 0}
  m_PrefabAsset: {fileID: 0}
  m_GameObject: {fileID: 111314810}
  m_LocalRotation: {x: 0, y: 0, z: 0, w: 1}
  m_LocalPosition: {x: 4.91, y: -4.81, z: 13.61}
  m_LocalScale: {x: 1, y: 1, z: 1}
  m_Children: []
  m_Father: {fileID: 241718559}
  m_RootOrder: 1
  m_LocalEulerAnglesHint: {x: 0, y: 0, z: 0}
--- !u!1 &241718558
GameObject:
  m_ObjectHideFlags: 0
  m_CorrespondingSourceObject: {fileID: 0}
  m_PrefabInstance: {fileID: 0}
  m_PrefabAsset: {fileID: 0}
  serializedVersion: 6
  m_Component:
  - component: {fileID: 241718559}
  m_Layer: 0
  m_Name: Waypoints
  m_TagString: Untagged
  m_Icon: {fileID: 0}
  m_NavMeshLayer: 0
  m_StaticEditorFlags: 0
  m_IsActive: 1
--- !u!4 &241718559
Transform:
  m_ObjectHideFlags: 0
  m_CorrespondingSourceObject: {fileID: 0}
  m_PrefabInstance: {fileID: 0}
  m_PrefabAsset: {fileID: 0}
  m_GameObject: {fileID: 241718558}
  m_LocalRotation: {x: 0, y: 0, z: 0, w: 1}
  m_LocalPosition: {x: -11.951429, y: 6.0402336, z: -3.026101}
  m_LocalScale: {x: 1, y: 1, z: 1}
  m_Children:
  - {fileID: 558372511}
  - {fileID: 111314811}
  - {fileID: 768218919}
  - {fileID: 461132054}
  - {fileID: 811915401}
  - {fileID: 627891276}
  - {fileID: 1166880338}
  m_Father: {fileID: 0}
  m_RootOrder: 5
  m_LocalEulerAnglesHint: {x: 0, y: 0, z: 0}
--- !u!1 &461132053
GameObject:
  m_ObjectHideFlags: 0
  m_CorrespondingSourceObject: {fileID: 0}
  m_PrefabInstance: {fileID: 0}
  m_PrefabAsset: {fileID: 0}
  serializedVersion: 6
  m_Component:
  - component: {fileID: 461132054}
  m_Layer: 0
  m_Name: waypoint (3)
  m_TagString: Waypoints
  m_Icon: {fileID: 4422084297763085224, guid: 0000000000000000d000000000000000, type: 0}
  m_NavMeshLayer: 0
  m_StaticEditorFlags: 0
  m_IsActive: 1
--- !u!4 &461132054
Transform:
  m_ObjectHideFlags: 0
  m_CorrespondingSourceObject: {fileID: 0}
  m_PrefabInstance: {fileID: 0}
  m_PrefabAsset: {fileID: 0}
  m_GameObject: {fileID: 461132053}
  m_LocalRotation: {x: 0, y: 0, z: 0, w: 1}
  m_LocalPosition: {x: -10.05, y: -4.81, z: 9.07}
  m_LocalScale: {x: 1, y: 1, z: 1}
  m_Children: []
  m_Father: {fileID: 241718559}
  m_RootOrder: 3
  m_LocalEulerAnglesHint: {x: 0, y: 0, z: 0}
--- !u!1 &558372510
GameObject:
  m_ObjectHideFlags: 0
  m_CorrespondingSourceObject: {fileID: 0}
  m_PrefabInstance: {fileID: 0}
  m_PrefabAsset: {fileID: 0}
  serializedVersion: 6
  m_Component:
  - component: {fileID: 558372511}
  m_Layer: 0
  m_Name: waypoint
  m_TagString: Waypoints
  m_Icon: {fileID: 4422084297763085224, guid: 0000000000000000d000000000000000, type: 0}
  m_NavMeshLayer: 0
  m_StaticEditorFlags: 0
  m_IsActive: 1
--- !u!4 &558372511
Transform:
  m_ObjectHideFlags: 0
  m_CorrespondingSourceObject: {fileID: 0}
  m_PrefabInstance: {fileID: 0}
  m_PrefabAsset: {fileID: 0}
  m_GameObject: {fileID: 558372510}
  m_LocalRotation: {x: 0, y: 0, z: 0, w: 1}
  m_LocalPosition: {x: 3.847, y: -4.81, z: 2.69}
  m_LocalScale: {x: 1, y: 1, z: 1}
  m_Children: []
  m_Father: {fileID: 241718559}
  m_RootOrder: 0
  m_LocalEulerAnglesHint: {x: 0, y: 0, z: 0}
--- !u!1001 &568036494
PrefabInstance:
  m_ObjectHideFlags: 0
  serializedVersion: 2
  m_Modification:
    m_TransformParent: {fileID: 0}
    m_Modifications:
    - target: {fileID: -8536272231182186411, guid: c71c9b63601983349bbc657460bb6807,
        type: 3}
      propertyPath: patrol
      value: 
      objectReference: {fileID: 1417509093}
    - target: {fileID: 4003050370367933808, guid: c71c9b63601983349bbc657460bb6807,
        type: 3}
      propertyPath: m_LocalPosition.x
      value: 15.59
      objectReference: {fileID: 0}
    - target: {fileID: 4003050370367933808, guid: c71c9b63601983349bbc657460bb6807,
        type: 3}
      propertyPath: m_LocalPosition.y
      value: 1.25
      objectReference: {fileID: 0}
    - target: {fileID: 4003050370367933808, guid: c71c9b63601983349bbc657460bb6807,
        type: 3}
      propertyPath: m_LocalPosition.z
      value: 0.11
      objectReference: {fileID: 0}
    - target: {fileID: 4003050370367933808, guid: c71c9b63601983349bbc657460bb6807,
        type: 3}
      propertyPath: m_LocalRotation.x
      value: 0
      objectReference: {fileID: 0}
    - target: {fileID: 4003050370367933808, guid: c71c9b63601983349bbc657460bb6807,
        type: 3}
      propertyPath: m_LocalRotation.y
      value: 0.7071068
      objectReference: {fileID: 0}
    - target: {fileID: 4003050370367933808, guid: c71c9b63601983349bbc657460bb6807,
        type: 3}
      propertyPath: m_LocalRotation.z
      value: 0
      objectReference: {fileID: 0}
    - target: {fileID: 4003050370367933808, guid: c71c9b63601983349bbc657460bb6807,
        type: 3}
      propertyPath: m_LocalRotation.w
      value: 0.7071068
      objectReference: {fileID: 0}
    - target: {fileID: 4003050370367933808, guid: c71c9b63601983349bbc657460bb6807,
        type: 3}
      propertyPath: m_RootOrder
      value: 3
      objectReference: {fileID: 0}
    - target: {fileID: 4003050370367933808, guid: c71c9b63601983349bbc657460bb6807,
        type: 3}
      propertyPath: m_LocalEulerAnglesHint.x
      value: 0
      objectReference: {fileID: 0}
    - target: {fileID: 4003050370367933808, guid: c71c9b63601983349bbc657460bb6807,
        type: 3}
      propertyPath: m_LocalEulerAnglesHint.y
      value: 90
      objectReference: {fileID: 0}
    - target: {fileID: 4003050370367933808, guid: c71c9b63601983349bbc657460bb6807,
        type: 3}
      propertyPath: m_LocalEulerAnglesHint.z
      value: 0
      objectReference: {fileID: 0}
    - target: {fileID: 4003050370367933812, guid: c71c9b63601983349bbc657460bb6807,
        type: 3}
      propertyPath: m_Name
      value: EnemyTank
      objectReference: {fileID: 0}
    m_RemovedComponents: []
  m_SourcePrefab: {fileID: 100100000, guid: c71c9b63601983349bbc657460bb6807, type: 3}
--- !u!1 &627891275
GameObject:
  m_ObjectHideFlags: 0
  m_CorrespondingSourceObject: {fileID: 0}
  m_PrefabInstance: {fileID: 0}
  m_PrefabAsset: {fileID: 0}
  serializedVersion: 6
  m_Component:
  - component: {fileID: 627891276}
  m_Layer: 0
  m_Name: waypoint (5)
  m_TagString: Waypoints
  m_Icon: {fileID: 4422084297763085224, guid: 0000000000000000d000000000000000, type: 0}
  m_NavMeshLayer: 0
  m_StaticEditorFlags: 0
  m_IsActive: 1
--- !u!4 &627891276
Transform:
  m_ObjectHideFlags: 0
  m_CorrespondingSourceObject: {fileID: 0}
  m_PrefabInstance: {fileID: 0}
  m_PrefabAsset: {fileID: 0}
  m_GameObject: {fileID: 627891275}
  m_LocalRotation: {x: 0, y: 0, z: 0, w: 1}
  m_LocalPosition: {x: 2.02, y: -4.81, z: 3.59}
  m_LocalScale: {x: 1, y: 1, z: 1}
  m_Children: []
  m_Father: {fileID: 241718559}
  m_RootOrder: 5
  m_LocalEulerAnglesHint: {x: 0, y: 0, z: 0}
--- !u!1001 &630525161
PrefabInstance:
  m_ObjectHideFlags: 0
  serializedVersion: 2
  m_Modification:
    m_TransformParent: {fileID: 0}
    m_Modifications:
    - target: {fileID: 121816, guid: 41d4243be8ad3a5409422171976de7ff, type: 3}
      propertyPath: m_Name
      value: Room
      objectReference: {fileID: 0}
    - target: {fileID: 421816, guid: 41d4243be8ad3a5409422171976de7ff, type: 3}
      propertyPath: m_LocalPosition.x
      value: 0
      objectReference: {fileID: 0}
    - target: {fileID: 421816, guid: 41d4243be8ad3a5409422171976de7ff, type: 3}
      propertyPath: m_LocalPosition.y
      value: 0
      objectReference: {fileID: 0}
    - target: {fileID: 421816, guid: 41d4243be8ad3a5409422171976de7ff, type: 3}
      propertyPath: m_LocalPosition.z
      value: 0
      objectReference: {fileID: 0}
    - target: {fileID: 421816, guid: 41d4243be8ad3a5409422171976de7ff, type: 3}
      propertyPath: m_LocalRotation.x
      value: 0
      objectReference: {fileID: 0}
    - target: {fileID: 421816, guid: 41d4243be8ad3a5409422171976de7ff, type: 3}
      propertyPath: m_LocalRotation.y
      value: 0
      objectReference: {fileID: 0}
    - target: {fileID: 421816, guid: 41d4243be8ad3a5409422171976de7ff, type: 3}
      propertyPath: m_LocalRotation.z
      value: 0
      objectReference: {fileID: 0}
    - target: {fileID: 421816, guid: 41d4243be8ad3a5409422171976de7ff, type: 3}
      propertyPath: m_LocalRotation.w
      value: 1
      objectReference: {fileID: 0}
    - target: {fileID: 421816, guid: 41d4243be8ad3a5409422171976de7ff, type: 3}
      propertyPath: m_RootOrder
      value: 1
      objectReference: {fileID: 0}
    - target: {fileID: 421816, guid: 41d4243be8ad3a5409422171976de7ff, type: 3}
      propertyPath: m_LocalEulerAnglesHint.x
      value: 0
      objectReference: {fileID: 0}
    - target: {fileID: 421816, guid: 41d4243be8ad3a5409422171976de7ff, type: 3}
      propertyPath: m_LocalEulerAnglesHint.y
      value: 0
      objectReference: {fileID: 0}
    - target: {fileID: 421816, guid: 41d4243be8ad3a5409422171976de7ff, type: 3}
      propertyPath: m_LocalEulerAnglesHint.z
      value: 0
      objectReference: {fileID: 0}
    - target: {fileID: 9066472636173916134, guid: 41d4243be8ad3a5409422171976de7ff,
        type: 3}
      propertyPath: m_IsActive
      value: 0
      objectReference: {fileID: 0}
    m_RemovedComponents:
    - {fileID: 11411052, guid: 41d4243be8ad3a5409422171976de7ff, type: 3}
  m_SourcePrefab: {fileID: 100100000, guid: 41d4243be8ad3a5409422171976de7ff, type: 3}
--- !u!1 &768218918
GameObject:
  m_ObjectHideFlags: 0
  m_CorrespondingSourceObject: {fileID: 0}
  m_PrefabInstance: {fileID: 0}
  m_PrefabAsset: {fileID: 0}
  serializedVersion: 6
  m_Component:
  - component: {fileID: 768218919}
  m_Layer: 0
  m_Name: waypoint (2)
  m_TagString: Waypoints
  m_Icon: {fileID: 4422084297763085224, guid: 0000000000000000d000000000000000, type: 0}
  m_NavMeshLayer: 0
  m_StaticEditorFlags: 0
  m_IsActive: 1
--- !u!4 &768218919
Transform:
  m_ObjectHideFlags: 0
  m_CorrespondingSourceObject: {fileID: 0}
  m_PrefabInstance: {fileID: 0}
  m_PrefabAsset: {fileID: 0}
  m_GameObject: {fileID: 768218918}
  m_LocalRotation: {x: 0, y: 0, z: 0, w: 1}
  m_LocalPosition: {x: 3.49, y: -4.81, z: 9.07}
  m_LocalScale: {x: 1, y: 1, z: 1}
  m_Children: []
  m_Father: {fileID: 241718559}
  m_RootOrder: 2
  m_LocalEulerAnglesHint: {x: 0, y: 0, z: 0}
--- !u!1 &811915400
GameObject:
  m_ObjectHideFlags: 0
  m_CorrespondingSourceObject: {fileID: 0}
  m_PrefabInstance: {fileID: 0}
  m_PrefabAsset: {fileID: 0}
  serializedVersion: 6
  m_Component:
  - component: {fileID: 811915401}
  m_Layer: 0
  m_Name: waypoint (4)
  m_TagString: Waypoints
  m_Icon: {fileID: 4422084297763085224, guid: 0000000000000000d000000000000000, type: 0}
  m_NavMeshLayer: 0
  m_StaticEditorFlags: 0
  m_IsActive: 1
--- !u!4 &811915401
Transform:
  m_ObjectHideFlags: 0
  m_CorrespondingSourceObject: {fileID: 0}
  m_PrefabInstance: {fileID: 0}
  m_PrefabAsset: {fileID: 0}
  m_GameObject: {fileID: 811915400}
  m_LocalRotation: {x: 0, y: 0, z: 0, w: 1}
  m_LocalPosition: {x: 3.09, y: -4.81, z: 6.33}
  m_LocalScale: {x: 1, y: 1, z: 1}
  m_Children: []
  m_Father: {fileID: 241718559}
  m_RootOrder: 4
  m_LocalEulerAnglesHint: {x: 0, y: 0, z: 0}
--- !u!1 &812695312
GameObject:
  m_ObjectHideFlags: 0
  m_CorrespondingSourceObject: {fileID: 0}
  m_PrefabInstance: {fileID: 0}
  m_PrefabAsset: {fileID: 0}
  serializedVersion: 6
  m_Component:
  - component: {fileID: 812695314}
  - component: {fileID: 812695313}
  m_Layer: 0
  m_Name: GameManager
  m_TagString: Untagged
  m_Icon: {fileID: 0}
  m_NavMeshLayer: 0
  m_StaticEditorFlags: 0
  m_IsActive: 1
--- !u!114 &812695313
MonoBehaviour:
  m_ObjectHideFlags: 0
  m_CorrespondingSourceObject: {fileID: 0}
  m_PrefabInstance: {fileID: 0}
  m_PrefabAsset: {fileID: 0}
  m_GameObject: {fileID: 812695312}
  m_Enabled: 1
  m_EditorHideFlags: 0
  m_Script: {fileID: 11500000, guid: fb3c08c8e44353f4681b330ee1725e13, type: 3}
  m_Name: 
  m_EditorClassIdentifier: 
  data: {fileID: 2083221111}
  player: {fileID: 2083221109}
  enemies: []
  spawnPoints: []
--- !u!4 &812695314
Transform:
  m_ObjectHideFlags: 0
  m_CorrespondingSourceObject: {fileID: 0}
  m_PrefabInstance: {fileID: 0}
  m_PrefabAsset: {fileID: 0}
  m_GameObject: {fileID: 812695312}
  m_LocalRotation: {x: 0, y: 0, z: 0, w: 1}
  m_LocalPosition: {x: 0, y: 0, z: 0}
  m_LocalScale: {x: 1, y: 1, z: 1}
  m_Children: []
  m_Father: {fileID: 0}
  m_RootOrder: 0
  m_LocalEulerAnglesHint: {x: 0, y: 0, z: 0}
--- !u!1 &1166880337
GameObject:
  m_ObjectHideFlags: 0
  m_CorrespondingSourceObject: {fileID: 0}
  m_PrefabInstance: {fileID: 0}
  m_PrefabAsset: {fileID: 0}
  serializedVersion: 6
  m_Component:
  - component: {fileID: 1166880338}
  m_Layer: 0
  m_Name: waypoint (6)
  m_TagString: Waypoints
  m_Icon: {fileID: 4422084297763085224, guid: 0000000000000000d000000000000000, type: 0}
  m_NavMeshLayer: 0
  m_StaticEditorFlags: 0
  m_IsActive: 1
--- !u!4 &1166880338
Transform:
  m_ObjectHideFlags: 0
  m_CorrespondingSourceObject: {fileID: 0}
  m_PrefabInstance: {fileID: 0}
  m_PrefabAsset: {fileID: 0}
  m_GameObject: {fileID: 1166880337}
  m_LocalRotation: {x: 0, y: 0, z: 0, w: 1}
  m_LocalPosition: {x: -8.37, y: -4.81, z: 3.59}
  m_LocalScale: {x: 1, y: 1, z: 1}
  m_Children: []
  m_Father: {fileID: 241718559}
  m_RootOrder: 6
  m_LocalEulerAnglesHint: {x: 0, y: 0, z: 0}
--- !u!1001 &1391070034
PrefabInstance:
  m_ObjectHideFlags: 0
  serializedVersion: 2
  m_Modification:
    m_TransformParent: {fileID: 0}
    m_Modifications:
    - target: {fileID: -8536272231182186411, guid: c71c9b63601983349bbc657460bb6807,
        type: 3}
      propertyPath: patrol
      value: 
      objectReference: {fileID: 1417509093}
    - target: {fileID: 4003050370367933808, guid: c71c9b63601983349bbc657460bb6807,
        type: 3}
      propertyPath: m_LocalPosition.x
      value: 15.6
      objectReference: {fileID: 0}
    - target: {fileID: 4003050370367933808, guid: c71c9b63601983349bbc657460bb6807,
        type: 3}
      propertyPath: m_LocalPosition.y
      value: 1.25
      objectReference: {fileID: 0}
    - target: {fileID: 4003050370367933808, guid: c71c9b63601983349bbc657460bb6807,
        type: 3}
      propertyPath: m_LocalPosition.z
      value: 14.7
      objectReference: {fileID: 0}
    - target: {fileID: 4003050370367933808, guid: c71c9b63601983349bbc657460bb6807,
        type: 3}
      propertyPath: m_LocalRotation.x
      value: 0
      objectReference: {fileID: 0}
    - target: {fileID: 4003050370367933808, guid: c71c9b63601983349bbc657460bb6807,
        type: 3}
      propertyPath: m_LocalRotation.y
      value: 0.7071068
      objectReference: {fileID: 0}
    - target: {fileID: 4003050370367933808, guid: c71c9b63601983349bbc657460bb6807,
        type: 3}
      propertyPath: m_LocalRotation.z
      value: 0
      objectReference: {fileID: 0}
    - target: {fileID: 4003050370367933808, guid: c71c9b63601983349bbc657460bb6807,
        type: 3}
      propertyPath: m_LocalRotation.w
      value: 0.7071068
      objectReference: {fileID: 0}
    - target: {fileID: 4003050370367933808, guid: c71c9b63601983349bbc657460bb6807,
        type: 3}
      propertyPath: m_RootOrder
      value: 7
      objectReference: {fileID: 0}
    - target: {fileID: 4003050370367933808, guid: c71c9b63601983349bbc657460bb6807,
        type: 3}
      propertyPath: m_LocalEulerAnglesHint.x
      value: 0
      objectReference: {fileID: 0}
    - target: {fileID: 4003050370367933808, guid: c71c9b63601983349bbc657460bb6807,
        type: 3}
      propertyPath: m_LocalEulerAnglesHint.y
      value: 90
      objectReference: {fileID: 0}
    - target: {fileID: 4003050370367933808, guid: c71c9b63601983349bbc657460bb6807,
        type: 3}
      propertyPath: m_LocalEulerAnglesHint.z
      value: 0
      objectReference: {fileID: 0}
    - target: {fileID: 4003050370367933812, guid: c71c9b63601983349bbc657460bb6807,
        type: 3}
      propertyPath: m_Name
      value: EnemyTank (1)
      objectReference: {fileID: 0}
    m_RemovedComponents: []
  m_SourcePrefab: {fileID: 100100000, guid: c71c9b63601983349bbc657460bb6807, type: 3}
--- !u!1 &1417509092 stripped
GameObject:
  m_CorrespondingSourceObject: {fileID: 4003050370367933812, guid: 1a40c35b421b8a046893780b5dd5e34a,
    type: 3}
  m_PrefabInstance: {fileID: 1749620148}
  m_PrefabAsset: {fileID: 0}
--- !u!114 &1417509093
MonoBehaviour:
  m_ObjectHideFlags: 0
  m_CorrespondingSourceObject: {fileID: 0}
  m_PrefabInstance: {fileID: 0}
  m_PrefabAsset: {fileID: 0}
  m_GameObject: {fileID: 1417509092}
  m_Enabled: 1
  m_EditorHideFlags: 0
  m_Script: {fileID: 11500000, guid: 1d7d4747dc5d2d046bc632c94fd8b0ad, type: 3}
  m_Name: 
  m_EditorClassIdentifier: 
  ai: {fileID: 1417509094}
  data: {fileID: 1417509095}
  motor: {fileID: 1417509096}
  waypoints:
  - {fileID: 558372511}
  - {fileID: 111314811}
  - {fileID: 768218919}
  - {fileID: 461132054}
  - {fileID: 811915401}
  - {fileID: 627891276}
  - {fileID: 1166880338}
  waypointDist: 0
--- !u!114 &1417509094 stripped
MonoBehaviour:
  m_CorrespondingSourceObject: {fileID: -8536272231182186411, guid: 1a40c35b421b8a046893780b5dd5e34a,
    type: 3}
  m_PrefabInstance: {fileID: 1749620148}
  m_PrefabAsset: {fileID: 0}
  m_GameObject: {fileID: 1417509092}
  m_Enabled: 1
  m_EditorHideFlags: 0
  m_Script: {fileID: 11500000, guid: fe0c5cbb8784f42499cf75e527f97e02, type: 3}
  m_Name: 
  m_EditorClassIdentifier: 
--- !u!114 &1417509095 stripped
MonoBehaviour:
  m_CorrespondingSourceObject: {fileID: 4003050370367933811, guid: 1a40c35b421b8a046893780b5dd5e34a,
    type: 3}
  m_PrefabInstance: {fileID: 1749620148}
  m_PrefabAsset: {fileID: 0}
  m_GameObject: {fileID: 1417509092}
  m_Enabled: 1
  m_EditorHideFlags: 0
  m_Script: {fileID: 11500000, guid: 82167cd28cfa7454c83e19f6a677121c, type: 3}
  m_Name: 
  m_EditorClassIdentifier: 
--- !u!114 &1417509096 stripped
MonoBehaviour:
  m_CorrespondingSourceObject: {fileID: 4003050370367933815, guid: 1a40c35b421b8a046893780b5dd5e34a,
    type: 3}
  m_PrefabInstance: {fileID: 1749620148}
  m_PrefabAsset: {fileID: 0}
  m_GameObject: {fileID: 1417509092}
  m_Enabled: 1
  m_EditorHideFlags: 0
  m_Script: {fileID: 11500000, guid: 22ba090ca172f3148abfcbf1994f548e, type: 3}
  m_Name: 
  m_EditorClassIdentifier: 
--- !u!1001 &1478762581
PrefabInstance:
  m_ObjectHideFlags: 0
  serializedVersion: 2
  m_Modification:
    m_TransformParent: {fileID: 0}
    m_Modifications:
    - target: {fileID: -8536272231182186411, guid: 1a40c35b421b8a046893780b5dd5e34a,
        type: 3}
      propertyPath: test
      value: 
      objectReference: {fileID: 2083221110}
    - target: {fileID: -8536272231182186411, guid: 1a40c35b421b8a046893780b5dd5e34a,
        type: 3}
      propertyPath: patrol
      value: 
      objectReference: {fileID: 1639117759}
    - target: {fileID: 4003050370367933808, guid: 1a40c35b421b8a046893780b5dd5e34a,
        type: 3}
      propertyPath: m_LocalPosition.x
      value: -19.47
      objectReference: {fileID: 0}
    - target: {fileID: 4003050370367933808, guid: 1a40c35b421b8a046893780b5dd5e34a,
        type: 3}
      propertyPath: m_LocalPosition.y
      value: 1
      objectReference: {fileID: 0}
    - target: {fileID: 4003050370367933808, guid: 1a40c35b421b8a046893780b5dd5e34a,
        type: 3}
      propertyPath: m_LocalPosition.z
      value: 13.72
      objectReference: {fileID: 0}
    - target: {fileID: 4003050370367933808, guid: 1a40c35b421b8a046893780b5dd5e34a,
        type: 3}
      propertyPath: m_LocalRotation.x
      value: 0
      objectReference: {fileID: 0}
    - target: {fileID: 4003050370367933808, guid: 1a40c35b421b8a046893780b5dd5e34a,
        type: 3}
      propertyPath: m_LocalRotation.y
      value: 0
      objectReference: {fileID: 0}
    - target: {fileID: 4003050370367933808, guid: 1a40c35b421b8a046893780b5dd5e34a,
        type: 3}
      propertyPath: m_LocalRotation.z
      value: 0
      objectReference: {fileID: 0}
    - target: {fileID: 4003050370367933808, guid: 1a40c35b421b8a046893780b5dd5e34a,
        type: 3}
      propertyPath: m_LocalRotation.w
      value: 1
      objectReference: {fileID: 0}
    - target: {fileID: 4003050370367933808, guid: 1a40c35b421b8a046893780b5dd5e34a,
        type: 3}
      propertyPath: m_RootOrder
      value: 6
      objectReference: {fileID: 0}
    - target: {fileID: 4003050370367933808, guid: 1a40c35b421b8a046893780b5dd5e34a,
        type: 3}
      propertyPath: m_LocalEulerAnglesHint.x
      value: 0
      objectReference: {fileID: 0}
    - target: {fileID: 4003050370367933808, guid: 1a40c35b421b8a046893780b5dd5e34a,
        type: 3}
      propertyPath: m_LocalEulerAnglesHint.y
      value: 0
      objectReference: {fileID: 0}
    - target: {fileID: 4003050370367933808, guid: 1a40c35b421b8a046893780b5dd5e34a,
        type: 3}
      propertyPath: m_LocalEulerAnglesHint.z
      value: 0
      objectReference: {fileID: 0}
    - target: {fileID: 4003050370367933812, guid: 1a40c35b421b8a046893780b5dd5e34a,
        type: 3}
      propertyPath: m_Name
      value: PatrolTank (1)
      objectReference: {fileID: 0}
    m_RemovedComponents:
    - {fileID: 296281728170165006, guid: 1a40c35b421b8a046893780b5dd5e34a, type: 3}
  m_SourcePrefab: {fileID: 100100000, guid: 1a40c35b421b8a046893780b5dd5e34a, type: 3}
--- !u!1 &1639117758 stripped
GameObject:
  m_CorrespondingSourceObject: {fileID: 4003050370367933812, guid: 1a40c35b421b8a046893780b5dd5e34a,
    type: 3}
  m_PrefabInstance: {fileID: 1478762581}
  m_PrefabAsset: {fileID: 0}
--- !u!114 &1639117759
MonoBehaviour:
  m_ObjectHideFlags: 0
  m_CorrespondingSourceObject: {fileID: 0}
  m_PrefabInstance: {fileID: 0}
  m_PrefabAsset: {fileID: 0}
  m_GameObject: {fileID: 1639117758}
  m_Enabled: 1
  m_EditorHideFlags: 0
  m_Script: {fileID: 11500000, guid: 1d7d4747dc5d2d046bc632c94fd8b0ad, type: 3}
  m_Name: 
  m_EditorClassIdentifier: 
  ai: {fileID: 1639117760}
  data: {fileID: 1639117761}
  motor: {fileID: 1639117762}
  waypoints:
  - {fileID: 558372511}
  - {fileID: 111314811}
  - {fileID: 768218919}
  - {fileID: 461132054}
  - {fileID: 811915401}
  - {fileID: 627891276}
  - {fileID: 1166880338}
  waypointDist: 0
--- !u!114 &1639117760 stripped
MonoBehaviour:
  m_CorrespondingSourceObject: {fileID: -8536272231182186411, guid: 1a40c35b421b8a046893780b5dd5e34a,
    type: 3}
  m_PrefabInstance: {fileID: 1478762581}
  m_PrefabAsset: {fileID: 0}
  m_GameObject: {fileID: 1639117758}
  m_Enabled: 1
  m_EditorHideFlags: 0
  m_Script: {fileID: 11500000, guid: fe0c5cbb8784f42499cf75e527f97e02, type: 3}
  m_Name: 
  m_EditorClassIdentifier: 
--- !u!114 &1639117761 stripped
MonoBehaviour:
  m_CorrespondingSourceObject: {fileID: 4003050370367933811, guid: 1a40c35b421b8a046893780b5dd5e34a,
    type: 3}
  m_PrefabInstance: {fileID: 1478762581}
  m_PrefabAsset: {fileID: 0}
  m_GameObject: {fileID: 1639117758}
  m_Enabled: 1
  m_EditorHideFlags: 0
  m_Script: {fileID: 11500000, guid: 82167cd28cfa7454c83e19f6a677121c, type: 3}
  m_Name: 
  m_EditorClassIdentifier: 
--- !u!114 &1639117762 stripped
MonoBehaviour:
  m_CorrespondingSourceObject: {fileID: 4003050370367933815, guid: 1a40c35b421b8a046893780b5dd5e34a,
    type: 3}
  m_PrefabInstance: {fileID: 1478762581}
  m_PrefabAsset: {fileID: 0}
  m_GameObject: {fileID: 1639117758}
  m_Enabled: 1
  m_EditorHideFlags: 0
  m_Script: {fileID: 11500000, guid: 22ba090ca172f3148abfcbf1994f548e, type: 3}
  m_Name: 
  m_EditorClassIdentifier: 
--- !u!1001 &1749620148
PrefabInstance:
  m_ObjectHideFlags: 0
  serializedVersion: 2
  m_Modification:
    m_TransformParent: {fileID: 0}
    m_Modifications:
    - target: {fileID: -8536272231182186411, guid: 1a40c35b421b8a046893780b5dd5e34a,
        type: 3}
      propertyPath: test
      value: 
      objectReference: {fileID: 2083221110}
    - target: {fileID: -8536272231182186411, guid: 1a40c35b421b8a046893780b5dd5e34a,
        type: 3}
      propertyPath: patrol
      value: 
      objectReference: {fileID: 1417509093}
    - target: {fileID: 4003050370367933808, guid: 1a40c35b421b8a046893780b5dd5e34a,
        type: 3}
      propertyPath: m_LocalPosition.x
      value: -20.76
      objectReference: {fileID: 0}
    - target: {fileID: 4003050370367933808, guid: 1a40c35b421b8a046893780b5dd5e34a,
        type: 3}
      propertyPath: m_LocalPosition.y
      value: 1
      objectReference: {fileID: 0}
    - target: {fileID: 4003050370367933808, guid: 1a40c35b421b8a046893780b5dd5e34a,
        type: 3}
      propertyPath: m_LocalPosition.z
      value: 0
      objectReference: {fileID: 0}
    - target: {fileID: 4003050370367933808, guid: 1a40c35b421b8a046893780b5dd5e34a,
        type: 3}
      propertyPath: m_LocalRotation.x
      value: 0
      objectReference: {fileID: 0}
    - target: {fileID: 4003050370367933808, guid: 1a40c35b421b8a046893780b5dd5e34a,
        type: 3}
      propertyPath: m_LocalRotation.y
      value: 0
      objectReference: {fileID: 0}
    - target: {fileID: 4003050370367933808, guid: 1a40c35b421b8a046893780b5dd5e34a,
        type: 3}
      propertyPath: m_LocalRotation.z
      value: 0
      objectReference: {fileID: 0}
    - target: {fileID: 4003050370367933808, guid: 1a40c35b421b8a046893780b5dd5e34a,
        type: 3}
      propertyPath: m_LocalRotation.w
      value: 1
      objectReference: {fileID: 0}
    - target: {fileID: 4003050370367933808, guid: 1a40c35b421b8a046893780b5dd5e34a,
        type: 3}
      propertyPath: m_RootOrder
      value: 4
      objectReference: {fileID: 0}
    - target: {fileID: 4003050370367933808, guid: 1a40c35b421b8a046893780b5dd5e34a,
        type: 3}
      propertyPath: m_LocalEulerAnglesHint.x
      value: 0
      objectReference: {fileID: 0}
    - target: {fileID: 4003050370367933808, guid: 1a40c35b421b8a046893780b5dd5e34a,
        type: 3}
      propertyPath: m_LocalEulerAnglesHint.y
      value: 0
      objectReference: {fileID: 0}
    - target: {fileID: 4003050370367933808, guid: 1a40c35b421b8a046893780b5dd5e34a,
        type: 3}
      propertyPath: m_LocalEulerAnglesHint.z
      value: 0
      objectReference: {fileID: 0}
    - target: {fileID: 4003050370367933812, guid: 1a40c35b421b8a046893780b5dd5e34a,
        type: 3}
      propertyPath: m_Name
      value: PatrolTank
      objectReference: {fileID: 0}
    m_RemovedComponents:
    - {fileID: 296281728170165006, guid: 1a40c35b421b8a046893780b5dd5e34a, type: 3}
  m_SourcePrefab: {fileID: 100100000, guid: 1a40c35b421b8a046893780b5dd5e34a, type: 3}
--- !u!1 &2083221109 stripped
GameObject:
  m_CorrespondingSourceObject: {fileID: 4003050370367933812, guid: 65e92f227846e794883569c427a9c4c3,
    type: 3}
  m_PrefabInstance: {fileID: 41250242}
  m_PrefabAsset: {fileID: 0}
--- !u!114 &2083221110 stripped
MonoBehaviour:
  m_CorrespondingSourceObject: {fileID: 4003050370367933814, guid: 65e92f227846e794883569c427a9c4c3,
    type: 3}
  m_PrefabInstance: {fileID: 41250242}
  m_PrefabAsset: {fileID: 0}
  m_GameObject: {fileID: 2083221109}
  m_Enabled: 1
  m_EditorHideFlags: 0
  m_Script: {fileID: 11500000, guid: 71311a96ce0e6134ab5ed56bb6a9307c, type: 3}
  m_Name: 
  m_EditorClassIdentifier: 
--- !u!114 &2083221111 stripped
MonoBehaviour:
  m_CorrespondingSourceObject: {fileID: 4003050370367933811, guid: 65e92f227846e794883569c427a9c4c3,
    type: 3}
  m_PrefabInstance: {fileID: 41250242}
  m_PrefabAsset: {fileID: 0}
  m_GameObject: {fileID: 2083221109}
  m_Enabled: 1
  m_EditorHideFlags: 0
  m_Script: {fileID: 11500000, guid: 82167cd28cfa7454c83e19f6a677121c, type: 3}
  m_Name: 
  m_EditorClassIdentifier: 
